@book{fundamentals,
    AUTHOR = {John F. Shortle{,} James M. Thompson{,} Donald Gross{,} Carl M. Harris},
     TITLE = {Fundamentals of Queueing theory},
    SERIES = {Fourth Edition},
 PUBLISHER = {Wiley Publications},
      YEAR = {2008},
}


@article{influ,
author = {Agamy, Adel and Mohamed, Ahmed},
year = {2020},
month = {10},
pages = {5420-5429},
title = {Influence of various application types on the performance of LTE mobile networks},
volume = {10},
journal = {International Journal of Electrical and Computer Engineering},
doi = {10.11591/ijece.v10i5.pp5420-5429}
}


@article{comp,
author = {Lipsky, Lester and Jobmann, Manfred and Greiner, Michael and Schwefel, Hans-Peter},
year = {2001},
month = {02},
pages = {122-132},
title = {Comparison of the Analytic N-Burst Model with Other Approximations to Telecommunications Traffic.},
journal = {International Journal of Electrical and Computer Engineering},
doi = {10.1109/NCA.2001.962524},
}

@article{self,
  author={W. Willinger, M. S. Taqqu, R. Sherman, D. V. {Wilson}},
  year={1997},
  pages={71-86},
  journal={IEEE/ACM Transactions on Networking}, 
  title={Self-similarity through high-variability: statistical analysis of Ethernet LAN traffic at the source level},
  doi={10.1109/90.554723}
}

@article{CrovellaBestavros97,
  author	= {Crovella, Mark E. and Bestavros, Azer},
  title		= {Self-Similarity in {W}orld {W}ide {W}eb Traffic: Evidence and Possible Causes},
  journal	= {IEEE/ACM Transactions on Networking},
  year		= {1997},
  volume	= {5},
  number	= {6},
  pages		= {835--846},
  month		= dec,
  URL		= {http://www.cs.bu.edu/faculty/crovella/paper-archive/self-sim/journal-version.pdf},
  note		= {Revised and substantially corrected version of [Crovella and Bestavros, 1996]}
}

@ARTICLE{282603,
  author={W. E. {Leland} and M. S. {Taqqu} and W. {Willinger} and D. V. {Wilson}},
  journal={IEEE/ACM Transactions on Networking}, 
  title={On the self-similar nature of Ethernet traffic (extended version)}, 
  year={1994},
  volume={2},
  number={1},
  pages={1-15},
  doi={10.1109/90.282603}}
  
@article{10.1214/ss/1177010131,
author = {Walter Willinger and Murad S. Taqqu and Will E. Leland and Daniel V. Wilson},
title = {{Self-Similarity in High-Speed Packet Traffic: Analysis and Modeling of Ethernet Traffic Measurements}},
volume = {10},
journal = {Statistical Science},
number = {1},
publisher = {Institute of Mathematical Statistics},
pages = {67 -- 85},
keywords = {$R/S$ analysis, Hurst effect, long-range dependence, periodogram-based estimation, Queueing theory, self-similarity, traffic modeling for high-speed networks, variance-time analysis},
year = {1995},
doi = {10.1214/ss/1177010131},
}

@book{beran1994statistics,
  title={Statistics for long-memory processes},
  author={Beran, Jan},
  volume={61},
  year={1994},
  publisher={CRC press}
}