@book{fundamentals,
    AUTHOR = {John F. Shortle{,} James M. Thompson{,} Donald Gross{,} Carl M. Harris},
     TITLE = {Fundamentals of Queueing theory},
    SERIES = {Fourth Edition},
 PUBLISHER = {Wiley Publications},
      YEAR = {2008},
}


@article{influ,
author = {Agamy, Adel and Mohamed, Ahmed},
year = {2020},
month = {10},
pages = {5420-5429},
title = {Influence of various application types on the performance of LTE mobile networks},
volume = {10},
journal = {International Journal of Electrical and Computer Engineering},
doi = {10.11591/ijece.v10i5.pp5420-5429}
}


@article{comp,
author = {Lipsky, Lester and Jobmann, Manfred and Greiner, Michael and Schwefel, Hans-Peter},
year = {2001},
month = {02},
pages = {122-132},
title = {Comparison of the Analytic N-Burst Model with Other Approximations to Telecommunications Traffic.},
journal = {International Journal of Electrical and Computer Engineering},
doi = {10.1109/NCA.2001.962524},
}

